% !TEX root =  main.tex
@inproceedings{lazo,
  title={Lazo: A cardinality-based method for coupled estimation of jaccard similarity and containment},
  author={Fernandez, Raul Castro and Min, Jisoo and Nava, Demitri and Madden, Samuel},
  booktitle={2019 IEEE 35th International Conference on Data Engineering (ICDE)},
  pages={1190--1201},
  year={2019},
  organization={IEEE}
}

@inproceedings{valentine,
  title={Valentine: Evaluating matching techniques for dataset discovery},
  author={Koutras, Christos and Siachamis, George and Ionescu, Andra and Psarakis, Kyriakos and Brons, Jerry and Fragkoulis, Marios and Lofi, Christoph and Bonifati, Angela and Katsifodimos, Asterios},
  booktitle={2021 IEEE 37th International Conference on Data Engineering (ICDE)},
  pages={468--479},
  year={2021},
  organization={IEEE}
}

@article{lshEnsemble,
  title={LSH ensemble: Internet-scale domain search},
  author={Zhu, Erkang and Nargesian, Fatemeh and Pu, Ken Q and Miller, Ren{\'e}e J},
  journal={arXiv preprint arXiv:1603.07410},
  year={2016}
}

@inproceedings{d3l,
  title={Dataset discovery in data lakes},
  author={Bogatu, Alex and Fernandes, Alvaro AA and Paton, Norman W and Konstantinou, Nikolaos},
  booktitle={2020 ieee 36th international conference on data engineering (icde)},
  pages={709--720},
  year={2020},
  organization={IEEE}
}

@inproceedings{aurum,
  title={Aurum: A data discovery system},
  author={Fernandez, Raul Castro and Abedjan, Ziawasch and Koko, Famien and Yuan, Gina and Madden, Samuel and Stonebraker, Michael},
  booktitle={2018 IEEE 34th International Conference on Data Engineering (ICDE)},
  pages={1001--1012},
  year={2018},
  organization={IEEE}
}

@inproceedings{coma,
  title={COMAâ€”a system for flexible combination of schema matching approaches},
  author={Do, Hong-Hai and Rahm, Erhard},
  booktitle={VLDB'02: Proceedings of the 28th International Conference on Very Large Databases},
  pages={610--621},
  year={2002},
  organization={Elsevier}
}

@article{tusZhu,
  title={Table union search on open data},
  author={Nargesian, Fatemeh and Zhu, Erkang and Pu, Ken Q and Miller, Ren{\'e}e J},
  journal={Proceedings of the VLDB Endowment},
  volume={11},
  number={7},
  pages={813--825},
  year={2018},
  publisher={VLDB Endowment}
}

@article{auctus,
  title={Auctus: A dataset search engine for data discovery and augmentation},
  author={Castelo, Sonia and Rampin, R{\'e}mi and Santos, A{\'e}cio and Bessa, Aline and Chirigati, Fernando and Freire, Juliana},
  journal={Proceedings of the VLDB Endowment},
  volume={14},
  number={12},
  pages={2791--2794},
  year={2021},
  publisher={VLDB Endowment}
}

@inproceedings{zhang2011AutomaticDiscoveryofAttributesinRelationalDatabases,
  title={Automatic discovery of attributes in relational databases},
  author={Zhang, Meihui and Hadjieleftheriou, Marios and Ooi, Beng Chin and Procopiuc, Cecilia M and Srivastava, Divesh},
  booktitle={Proceedings of the 2011 ACM SIGMOD International Conference on Management of data},
  pages={109--120},
  year={2011}
}

@inproceedings{josie,
  title={Josie: Overlap set similarity search for finding joinable tables in data lakes},
  author={Zhu, Erkang and Deng, Dong and Nargesian, Fatemeh and Miller, Ren{\'e}e J},
  booktitle={Proceedings of the 2019 International Conference on Management of Data},
  pages={847--864},
  year={2019}
}

@inproceedings{cupid,
  title={Generic schema matching with cupid},
  author={Madhavan, Jayant and Bernstein, Philip A and Rahm, Erhard},
  booktitle={vldb},
  volume={1},
  pages={49--58},
  year={2001}
}

@article{nextiajd,
  title={Scalable Data Discovery Using Profiles},
  author={Flores, Javier and Nadal, Sergi and Romero, Oscar},
  journal={arXiv preprint arXiv:2012.00890},
  year={2020}
}

@inproceedings{wordnetSim,
  title={Automatically selecting answer templates to respond to customer emails.},
  author={Malik, Rahul and Subramaniam, L Venkata and Kaushik, Saroj},
  booktitle={IJCAI},
  volume={7},
  pages={3015},
  year={2007}
}

@article{warpGate,
  title={WarpGate: A Semantic Join Discovery System for Cloud Data Warehouses},
  author={Cong, Tianji and Gale, James and Frantz, Jason and Jagadish, HV and Demiralp, {\c{C}}a{\u{g}}atay},
  journal={arXiv preprint arXiv:2212.14155},
  year={2022}
}

@article{hyperLogLog,
  title={Hyperloglog: the analysis of a near-optimal cardinality estimation algorithm},
  author={Flajolet, Philippe and Fusy, {\'E}ric and Gandouet, Olivier and Meunier, Fr{\'e}d{\'e}ric},
  journal={Discrete mathematics \& theoretical computer science},
  number={Proceedings},
  year={2007},
  publisher={Episciences. org}
}

@article{datasetDiscoverySurvey,
  title={Dataset discovery and exploration: A survey},
  author={Paton, Norman W and Chen, Jiaoyan and Wu, Zhenyu},
  journal={ACM Computing Surveys},
  volume={56},
  number={4},
  pages={1--37},
  year={2023},
  publisher={ACM New York, NY, USA}
}

@article{bloomFilterIntro,
  title={Network applications of bloom filters: A survey},
  author={Broder, Andrei and Mitzenmacher, Michael},
  journal={Internet mathematics},
  volume={1},
  number={4},
  pages={485--509},
  year={2004},
  publisher={Taylor \& Francis}
}

@article{lshBloom,
  title={Locality-sensitive bloom filter for approximate membership query},
  author={Hua, Yu and Xiao, Bin and Veeravalli, Bharadwaj and Feng, Dan},
  journal={IEEE Transactions on Computers},
  volume={61},
  number={6},
  pages={817--830},
  year={2011},
  publisher={IEEE}
}

@article{datasetSearchSurvey,
  title={Dataset search: a survey},
  author={Chapman, Adriane and Simperl, Elena and Koesten, Laura and Konstantinidis, George and Ib{\'a}{\~n}ez, Luis-Daniel and Kacprzak, Emilia and Groth, Paul},
  journal={The VLDB Journal},
  volume={29},
  number={1},
  pages={251--272},
  year={2020},
  publisher={Springer}
}

@article{schemaMatching,
  title={A survey of approaches to automatic schema matching},
  author={Rahm, Erhard and Bernstein, Philip A},
  journal={the VLDB Journal},
  volume={10},
  pages={334--350},
  year={2001},
  publisher={Springer}
}

@book{miningOfMassiveDatasets,
  title={Mining of massive data sets},
  author={Leskovec, Jure and Rajaraman, Anand and Ullman, Jeffrey David},
  year={2020},
  publisher={Cambridge university press}
}

@article{wordnet,
  title={WordNet: a lexical database for English},
  author={Miller, George A},
  journal={Communications of the ACM},
  volume={38},
  number={11},
  pages={39--41},
  year={1995},
  publisher={ACM New York, NY, USA}
}

@article{wuPalmer,
  title={Verb semantics and lexical selection},
  author={Wu, Zhibiao and Palmer, Martha},
  journal={arXiv preprint cmp-lg/9406033},
  year={1994}
}

@inproceedings{levenshtein,
  title={Binary codes capable of correcting deletions, insertions, and reversals},
  author={Levenshtein, Vladimir I and others},
  booktitle={Soviet physics doklady},
  volume={10},
  pages={707--710},
  year={1966},
  organization={Soviet Union}
}

@article{qgram,
  title={Approximate string-matching with q-grams and maximal matches},
  author={Ukkonen, Esko},
  journal={Theoretical computer science},
  volume={92},
  number={1},
  pages={191--211},
  year={1992},
  publisher={Elsevier}
}

@book{rest,
  title={Architectural styles and the design of network-based software architectures},
  author={Fielding, Roy Thomas},
  year={2000},
  publisher={University of California, Irvine}
}

@inproceedings{lshDefinition,
  title={Locality-sensitive hashing scheme based on p-stable distributions},
  author={Datar, Mayur and Immorlica, Nicole and Indyk, Piotr and Mirrokni, Vahab S},
  booktitle={Proceedings of the twentieth annual symposium on Computational geometry},
  pages={253--262},
  year={2004}
}